<record xmlns="http://www.loc.gov/MARC21/slim" xmlns:xsi="http://www.w3.org/2001/XMLSchema-instance" xsi:schemaLocation="http://www.loc.gov/MARC21/slim http://www.loc.gov/standards/marcxml/schema/MARC21slim.xsd"><leader>00654cz   2200193n  4500</leader><controlfield tag="001">oca01767274 </controlfield><controlfield tag="005">20010116053134.0</controlfield><controlfield tag="008">861218n| acannaab|          |a aaa     c</controlfield><datafield ind1=" " ind2=" " tag="010"><subfield code="a">n  86042983 </subfield></datafield><datafield ind1=" " ind2=" " tag="040"><subfield code="a">NjP</subfield><subfield code="c">DLC</subfield><subfield code="d">DLC</subfield></datafield><datafield ind1="0" ind2=" " tag="100"><subfield code="a">Eugippius</subfield></datafield><datafield ind1="0" ind2=" " tag="400"><subfield code="a">Eugippe</subfield></datafield><datafield ind1="0" ind2=" " tag="400"><subfield code="a">Eugippio</subfield></datafield><datafield ind1="0" ind2=" " tag="400"><subfield code="a">Eugipiusz</subfield></datafield><datafield ind1=" " ind2=" " tag="670"><subfield code="a">Vogüé, A. Le Maître Eugippe et saint Benoît, 1984:</subfield><subfield code="b">t.p. (Eugippe)</subfield></datafield><datafield ind1=" " ind2=" " tag="670"><subfield code="a">LC in RLIN, 12-2-86</subfield><subfield code="b">(hdg.: Eugippius; usage: Eugippii ...)</subfield></datafield><datafield ind1=" " ind2=" " tag="670"><subfield code="a">Enc. catt.</subfield><subfield code="b">(Eugippio; Christian writer, b. 2nd half of 5th cent.)</subfield></datafield><datafield ind1=" " ind2=" " tag="670"><subfield code="a">His Dzieła, 1985:</subfield><subfield code="b">v. 1-2, t.p. (Eugipiusz)</subfield></datafield><datafield ind1=" " ind2=" " tag="675"><subfield code="a">Enc. Brit., 15th ed.;</subfield><subfield code="a">Enc. Amer.</subfield></datafield></record>